%YAML 1.1
%TAG !u! tag:unity3d.com,2011:
--- !u!1 &106342
GameObject:
  m_ObjectHideFlags: 0
  m_PrefabParentObject: {fileID: 0}
  m_PrefabInternal: {fileID: 100100000}
  serializedVersion: 4
  m_Component:
  - 4: {fileID: 457814}
  - 212: {fileID: 21245938}
  m_Layer: 0
  m_Name: BG (2)
  m_TagString: Untagged
  m_Icon: {fileID: 0}
  m_NavMeshLayer: 0
  m_StaticEditorFlags: 0
  m_IsActive: 1
--- !u!1 &190418
GameObject:
  m_ObjectHideFlags: 0
  m_PrefabParentObject: {fileID: 0}
  m_PrefabInternal: {fileID: 100100000}
  serializedVersion: 4
  m_Component:
  - 4: {fileID: 497386}
  - 114: {fileID: 11431116}
  - 114: {fileID: 11421632}
  m_Layer: 0
  m_Name: BlessSpell
  m_TagString: Untagged
  m_Icon: {fileID: 0}
  m_NavMeshLayer: 0
  m_StaticEditorFlags: 0
  m_IsActive: 1
--- !u!4 &457814
Transform:
  m_ObjectHideFlags: 1
  m_PrefabParentObject: {fileID: 0}
  m_PrefabInternal: {fileID: 100100000}
  m_GameObject: {fileID: 106342}
  m_LocalRotation: {x: 0, y: 0, z: 0, w: 1}
  m_LocalPosition: {x: -0.6301872, y: 0.33555982, z: 5}
  m_LocalScale: {x: 16, y: 10, z: 1}
  m_Children: []
  m_Father: {fileID: 497386}
  m_RootOrder: 0
--- !u!4 &497386
Transform:
  m_ObjectHideFlags: 1
  m_PrefabParentObject: {fileID: 0}
  m_PrefabInternal: {fileID: 100100000}
  m_GameObject: {fileID: 190418}
  m_LocalRotation: {x: 0, y: 0, z: 0, w: 1}
  m_LocalPosition: {x: 0.63018674, y: -0.33555982, z: 0}
  m_LocalScale: {x: 1, y: 1, z: 1}
  m_Children:
  - {fileID: 457814}
  m_Father: {fileID: 0}
  m_RootOrder: 0
--- !u!114 &11421632
MonoBehaviour:
  m_ObjectHideFlags: 1
  m_PrefabParentObject: {fileID: 0}
  m_PrefabInternal: {fileID: 100100000}
  m_GameObject: {fileID: 190418}
  m_Enabled: 1
  m_EditorHideFlags: 0
  m_Script: {fileID: 11500000, guid: 248a920d31577447f8f52dbfb6b58312, type: 3}
  m_Name: 
  m_EditorClassIdentifier: 
  mySpell: {fileID: 0}
--- !u!114 &11431116
MonoBehaviour:
  m_ObjectHideFlags: 1
  m_PrefabParentObject: {fileID: 0}
  m_PrefabInternal: {fileID: 100100000}
  m_GameObject: {fileID: 190418}
  m_Enabled: 1
  m_EditorHideFlags: 0
  m_Script: {fileID: 11500000, guid: 52822ed551eb9d94ebe2134c09f44a09, type: 3}
  m_Name: 
  m_EditorClassIdentifier: 
  baseIngredient: 0
  description: Bless the food.
  timeLimit: 10
  fadeTime: 0.25
  spellGesturepreFabs:
  - {fileID: 193986, guid: 032d8b87b51cc1348a13a295f0943fe7, type: 2}
  - {fileID: 119026, guid: a3728e2f95ec71c46a42f04bf446a3f6, type: 2}
  - {fileID: 150296, guid: 2c173ea7ae54f7546b6c218be0f158ed, type: 2}
--- !u!212 &21245938
SpriteRenderer:
  m_ObjectHideFlags: 1
  m_PrefabParentObject: {fileID: 0}
  m_PrefabInternal: {fileID: 100100000}
  m_GameObject: {fileID: 106342}
  m_Enabled: 1
  m_CastShadows: 0
  m_ReceiveShadows: 0
  m_Materials:
  - {fileID: 10754, guid: 0000000000000000e000000000000000, type: 0}
  m_SubsetIndices: 
  m_StaticBatchRoot: {fileID: 0}
  m_UseLightProbes: 0
  m_ReflectionProbeUsage: 0
  m_ProbeAnchor: {fileID: 0}
  m_ScaleInLightmap: 1
  m_PreserveUVs: 0
  m_IgnoreNormalsForChartDetection: 0
  m_ImportantGI: 0
  m_MinimumChartSize: 4
  m_AutoUVMaxDistance: 0.5
  m_AutoUVMaxAngle: 89
  m_LightmapParameters: {fileID: 0}
  m_SortingLayerID: 0
  m_SortingOrder: 0
  m_Sprite: {fileID: 21300000, guid: 0e8809af394629c4e9b3d40d4ec123b9, type: 3}
  m_Color: {r: 0.26492214, g: 0.28691974, b: 0.7205882, a: 1}
  m_FlipX: 0
  m_FlipY: 0
--- !u!1001 &100100000
Prefab:
  m_ObjectHideFlags: 1
  serializedVersion: 2
  m_Modification:
    m_TransformParent: {fileID: 0}
    m_Modifications: []
    m_RemovedComponents: []
  m_ParentPrefab: {fileID: 0}
  m_RootGameObject: {fileID: 190418}
  m_IsPrefabParent: 1
