%YAML 1.1
%TAG !u! tag:unity3d.com,2011:
--- !u!1 &130208
GameObject:
  m_ObjectHideFlags: 0
  m_PrefabParentObject: {fileID: 0}
  m_PrefabInternal: {fileID: 100100000}
  serializedVersion: 4
  m_Component:
  - 4: {fileID: 401272}
  - 114: {fileID: 11414216}
  - 114: {fileID: 11422324}
  m_Layer: 0
  m_Name: Animate
  m_TagString: Untagged
  m_Icon: {fileID: 0}
  m_NavMeshLayer: 0
  m_StaticEditorFlags: 0
  m_IsActive: 1
--- !u!1 &140644
GameObject:
  m_ObjectHideFlags: 0
  m_PrefabParentObject: {fileID: 0}
  m_PrefabInternal: {fileID: 100100000}
  serializedVersion: 4
  m_Component:
  - 4: {fileID: 405130}
  - 212: {fileID: 21255388}
  m_Layer: 0
  m_Name: BG
  m_TagString: Untagged
  m_Icon: {fileID: 0}
  m_NavMeshLayer: 0
  m_StaticEditorFlags: 0
  m_IsActive: 1
--- !u!4 &401272
Transform:
  m_ObjectHideFlags: 1
  m_PrefabParentObject: {fileID: 0}
  m_PrefabInternal: {fileID: 100100000}
  m_GameObject: {fileID: 130208}
  m_LocalRotation: {x: 0, y: 0, z: 0, w: 1}
  m_LocalPosition: {x: 1.9999995, y: 0.08999953, z: 0}
  m_LocalScale: {x: 1, y: 1, z: 1}
  m_Children:
  - {fileID: 405130}
  m_Father: {fileID: 0}
  m_RootOrder: 0
--- !u!4 &405130
Transform:
  m_ObjectHideFlags: 1
  m_PrefabParentObject: {fileID: 0}
  m_PrefabInternal: {fileID: 100100000}
  m_GameObject: {fileID: 140644}
  m_LocalRotation: {x: 0, y: 0, z: 0, w: 1}
  m_LocalPosition: {x: -2, y: -0.08999953, z: 5}
  m_LocalScale: {x: 16, y: 10, z: 1}
  m_Children: []
  m_Father: {fileID: 401272}
  m_RootOrder: 0
--- !u!114 &11414216
MonoBehaviour:
  m_ObjectHideFlags: 1
  m_PrefabParentObject: {fileID: 0}
  m_PrefabInternal: {fileID: 100100000}
  m_GameObject: {fileID: 130208}
  m_Enabled: 1
  m_EditorHideFlags: 0
  m_Script: {fileID: 11500000, guid: 52822ed551eb9d94ebe2134c09f44a09, type: 3}
  m_Name: 
  m_EditorClassIdentifier: 
  baseIngredient: 0
  description: 
  timeLimit: 6
  fadeTime: 0.25
  spellGesturepreFabs:
  - {fileID: 110628, guid: 344b1fb95c984da4faa357b8b6b5a189, type: 2}
  - {fileID: 178534, guid: 96204c61345751e4ca3d11c5a8c25466, type: 2}
  - {fileID: 151354, guid: 172623efb53a0f147ba0628fb8307e06, type: 2}
  - {fileID: 132992, guid: c7ea532bebb7f004d959c380f212d27a, type: 2}
  - {fileID: 168018, guid: 1a81debf0e2da984397d3114e0efb637, type: 2}
  - {fileID: 100562, guid: 1ba2b92d35d5da34cb8a0761e7b62e4f, type: 2}
  - {fileID: 127078, guid: ef68c5007bc8c1749abc069b161bd8c6, type: 2}
--- !u!114 &11422324
MonoBehaviour:
  m_ObjectHideFlags: 1
  m_PrefabParentObject: {fileID: 0}
  m_PrefabInternal: {fileID: 100100000}
  m_GameObject: {fileID: 130208}
  m_Enabled: 1
  m_EditorHideFlags: 0
  m_Script: {fileID: 11500000, guid: 248a920d31577447f8f52dbfb6b58312, type: 3}
  m_Name: 
  m_EditorClassIdentifier: 
  mySpell: {fileID: 0}
--- !u!212 &21255388
SpriteRenderer:
  m_ObjectHideFlags: 1
  m_PrefabParentObject: {fileID: 0}
  m_PrefabInternal: {fileID: 100100000}
  m_GameObject: {fileID: 140644}
  m_Enabled: 1
  m_CastShadows: 0
  m_ReceiveShadows: 0
  m_Materials:
  - {fileID: 10754, guid: 0000000000000000e000000000000000, type: 0}
  m_SubsetIndices: 
  m_StaticBatchRoot: {fileID: 0}
  m_UseLightProbes: 0
  m_ReflectionProbeUsage: 0
  m_ProbeAnchor: {fileID: 0}
  m_ScaleInLightmap: 1
  m_PreserveUVs: 0
  m_IgnoreNormalsForChartDetection: 0
  m_ImportantGI: 0
  m_MinimumChartSize: 4
  m_AutoUVMaxDistance: 0.5
  m_AutoUVMaxAngle: 89
  m_LightmapParameters: {fileID: 0}
  m_SortingLayerID: 0
  m_SortingOrder: 0
  m_Sprite: {fileID: 21300000, guid: 0e8809af394629c4e9b3d40d4ec123b9, type: 3}
  m_Color: {r: 0.26492214, g: 0.28691974, b: 0.7205882, a: 1}
  m_FlipX: 0
  m_FlipY: 0
--- !u!1001 &100100000
Prefab:
  m_ObjectHideFlags: 1
  serializedVersion: 2
  m_Modification:
    m_TransformParent: {fileID: 0}
    m_Modifications:
    - target: {fileID: 0}
      propertyPath: spellGesturepreFabs.Array.data[5]
      value: 
      objectReference: {fileID: 100562, guid: 1ba2b92d35d5da34cb8a0761e7b62e4f, type: 2}
    m_RemovedComponents: []
  m_ParentPrefab: {fileID: 0}
  m_RootGameObject: {fileID: 130208}
  m_IsPrefabParent: 1
