%YAML 1.1
%TAG !u! tag:unity3d.com,2011:
--- !u!1 &121200
GameObject:
  m_ObjectHideFlags: 0
  m_PrefabParentObject: {fileID: 0}
  m_PrefabInternal: {fileID: 100100000}
  serializedVersion: 4
  m_Component:
  - 4: {fileID: 470634}
  - 212: {fileID: 21238672}
  m_Layer: 0
  m_Name: BG
  m_TagString: Untagged
  m_Icon: {fileID: 0}
  m_NavMeshLayer: 0
  m_StaticEditorFlags: 0
  m_IsActive: 1
--- !u!1 &126418
GameObject:
  m_ObjectHideFlags: 0
  m_PrefabParentObject: {fileID: 0}
  m_PrefabInternal: {fileID: 100100000}
  serializedVersion: 4
  m_Component:
  - 4: {fileID: 471318}
  - 61: {fileID: 6143960}
  - 114: {fileID: 11453306}
  - 114: {fileID: 11451392}
  m_Layer: 0
  m_Name: MG_SliceCucumberHorizontal
  m_TagString: Untagged
  m_Icon: {fileID: 0}
  m_NavMeshLayer: 0
  m_StaticEditorFlags: 0
  m_IsActive: 1
--- !u!1 &127212
GameObject:
  m_ObjectHideFlags: 0
  m_PrefabParentObject: {fileID: 0}
  m_PrefabInternal: {fileID: 100100000}
  serializedVersion: 4
  m_Component:
  - 4: {fileID: 413882}
  m_Layer: 0
  m_Name: Walls
  m_TagString: Untagged
  m_Icon: {fileID: 0}
  m_NavMeshLayer: 0
  m_StaticEditorFlags: 0
  m_IsActive: 1
--- !u!1 &128352
GameObject:
  m_ObjectHideFlags: 0
  m_PrefabParentObject: {fileID: 0}
  m_PrefabInternal: {fileID: 100100000}
  serializedVersion: 4
  m_Component:
  - 4: {fileID: 465138}
  - 212: {fileID: 21257256}
  - 50: {fileID: 5086530}
  - 60: {fileID: 6040672}
  m_Layer: 0
  m_Name: Cucumber
  m_TagString: Untagged
  m_Icon: {fileID: 0}
  m_NavMeshLayer: 0
  m_StaticEditorFlags: 0
  m_IsActive: 1
--- !u!1 &132102
GameObject:
  m_ObjectHideFlags: 1
  m_PrefabParentObject: {fileID: 0}
  m_PrefabInternal: {fileID: 100100000}
  serializedVersion: 4
  m_Component:
  - 4: {fileID: 496478}
  - 68: {fileID: 6895406}
  m_Layer: 0
  m_Name: left (3)
  m_TagString: Untagged
  m_Icon: {fileID: 0}
  m_NavMeshLayer: 0
  m_StaticEditorFlags: 0
  m_IsActive: 1
--- !u!1 &132514
GameObject:
  m_ObjectHideFlags: 1
  m_PrefabParentObject: {fileID: 0}
  m_PrefabInternal: {fileID: 100100000}
  serializedVersion: 4
  m_Component:
  - 4: {fileID: 418678}
  - 68: {fileID: 6878080}
  m_Layer: 0
  m_Name: left (1)
  m_TagString: Untagged
  m_Icon: {fileID: 0}
  m_NavMeshLayer: 0
  m_StaticEditorFlags: 0
  m_IsActive: 1
--- !u!1 &133634
GameObject:
  m_ObjectHideFlags: 0
  m_PrefabParentObject: {fileID: 0}
  m_PrefabInternal: {fileID: 100100000}
  serializedVersion: 4
  m_Component:
  - 4: {fileID: 474284}
  - 96: {fileID: 9683568}
  m_Layer: 0
  m_Name: TrailRenderer
  m_TagString: Untagged
  m_Icon: {fileID: 0}
  m_NavMeshLayer: 0
  m_StaticEditorFlags: 0
  m_IsActive: 1
--- !u!1 &150826
GameObject:
  m_ObjectHideFlags: 1
  m_PrefabParentObject: {fileID: 0}
  m_PrefabInternal: {fileID: 100100000}
  serializedVersion: 4
  m_Component:
  - 4: {fileID: 418032}
  - 68: {fileID: 6860670}
  m_Layer: 0
  m_Name: left
  m_TagString: Untagged
  m_Icon: {fileID: 0}
  m_NavMeshLayer: 0
  m_StaticEditorFlags: 0
  m_IsActive: 1
--- !u!1 &159762
GameObject:
  m_ObjectHideFlags: 0
  m_PrefabParentObject: {fileID: 0}
  m_PrefabInternal: {fileID: 100100000}
  serializedVersion: 4
  m_Component:
  - 4: {fileID: 459728}
  m_Layer: 0
  m_Name: CutTarget
  m_TagString: Untagged
  m_Icon: {fileID: 0}
  m_NavMeshLayer: 0
  m_StaticEditorFlags: 0
  m_IsActive: 1
--- !u!1 &163478
GameObject:
  m_ObjectHideFlags: 1
  m_PrefabParentObject: {fileID: 0}
  m_PrefabInternal: {fileID: 100100000}
  serializedVersion: 4
  m_Component:
  - 4: {fileID: 490978}
  - 68: {fileID: 6866314}
  m_Layer: 0
  m_Name: left (2)
  m_TagString: Untagged
  m_Icon: {fileID: 0}
  m_NavMeshLayer: 0
  m_StaticEditorFlags: 0
  m_IsActive: 1
--- !u!4 &413882
Transform:
  m_ObjectHideFlags: 1
  m_PrefabParentObject: {fileID: 0}
  m_PrefabInternal: {fileID: 100100000}
  m_GameObject: {fileID: 127212}
  m_LocalRotation: {x: 0, y: 0, z: 0, w: 1}
  m_LocalPosition: {x: 0, y: 0, z: -1}
  m_LocalScale: {x: 1, y: 1, z: 1}
  m_Children:
  - {fileID: 418032}
  - {fileID: 418678}
  - {fileID: 490978}
  - {fileID: 496478}
  m_Father: {fileID: 471318}
  m_RootOrder: 1
--- !u!4 &418032
Transform:
  m_ObjectHideFlags: 1
  m_PrefabParentObject: {fileID: 0}
  m_PrefabInternal: {fileID: 100100000}
  m_GameObject: {fileID: 150826}
  m_LocalRotation: {x: 0, y: 0, z: 0.7071068, w: 0.7071067}
  m_LocalPosition: {x: -8.9, y: -0, z: 0}
  m_LocalScale: {x: 19, y: 10, z: 10}
  m_Children: []
  m_Father: {fileID: 413882}
  m_RootOrder: 0
--- !u!4 &418678
Transform:
  m_ObjectHideFlags: 1
  m_PrefabParentObject: {fileID: 0}
  m_PrefabInternal: {fileID: 100100000}
  m_GameObject: {fileID: 132514}
  m_LocalRotation: {x: 0, y: 0, z: 0.7071068, w: 0.7071067}
  m_LocalPosition: {x: 10.57, y: 0.37, z: 0}
  m_LocalScale: {x: 19, y: 10, z: 10}
  m_Children: []
  m_Father: {fileID: 413882}
  m_RootOrder: 1
--- !u!4 &459728
Transform:
  m_ObjectHideFlags: 1
  m_PrefabParentObject: {fileID: 0}
  m_PrefabInternal: {fileID: 100100000}
  m_GameObject: {fileID: 159762}
  m_LocalRotation: {x: 0, y: 0, z: 0, w: 1}
  m_LocalPosition: {x: -2.5, y: 2.54, z: -1}
  m_LocalScale: {x: 1, y: 1, z: 1}
  m_Children: []
  m_Father: {fileID: 471318}
  m_RootOrder: 2
--- !u!4 &465138
Transform:
  m_ObjectHideFlags: 1
  m_PrefabParentObject: {fileID: 0}
  m_PrefabInternal: {fileID: 100100000}
  m_GameObject: {fileID: 128352}
  m_LocalRotation: {x: 0, y: 0, z: 0, w: 1}
  m_LocalPosition: {x: 0.24, y: 0, z: 0}
  m_LocalScale: {x: 0.7488501, y: 0.74884987, z: 0.74884987}
  m_Children: []
  m_Father: {fileID: 471318}
  m_RootOrder: 3
--- !u!4 &470634
Transform:
  m_ObjectHideFlags: 1
  m_PrefabParentObject: {fileID: 0}
  m_PrefabInternal: {fileID: 100100000}
  m_GameObject: {fileID: 121200}
  m_LocalRotation: {x: 0, y: 0, z: 0, w: 1}
  m_LocalPosition: {x: 0, y: 0, z: 5}
  m_LocalScale: {x: 16, y: 10, z: 1}
  m_Children: []
  m_Father: {fileID: 471318}
  m_RootOrder: 0
--- !u!4 &471318
Transform:
  m_ObjectHideFlags: 1
  m_PrefabParentObject: {fileID: 0}
  m_PrefabInternal: {fileID: 100100000}
  m_GameObject: {fileID: 126418}
  m_LocalRotation: {x: 0, y: 0, z: 0, w: 1}
  m_LocalPosition: {x: 0, y: 0, z: 0}
  m_LocalScale: {x: 1, y: 1, z: 1}
  m_Children:
  - {fileID: 470634}
  - {fileID: 413882}
  - {fileID: 459728}
  - {fileID: 465138}
  - {fileID: 474284}
  m_Father: {fileID: 0}
  m_RootOrder: 0
--- !u!4 &474284
Transform:
  m_ObjectHideFlags: 1
  m_PrefabParentObject: {fileID: 0}
  m_PrefabInternal: {fileID: 100100000}
  m_GameObject: {fileID: 133634}
  m_LocalRotation: {x: 0, y: 0, z: 0, w: 1}
  m_LocalPosition: {x: -4.0533485, y: -6.392791, z: -1}
  m_LocalScale: {x: 1, y: 1, z: 1}
  m_Children: []
  m_Father: {fileID: 471318}
  m_RootOrder: 4
--- !u!4 &490978
Transform:
  m_ObjectHideFlags: 1
  m_PrefabParentObject: {fileID: 0}
  m_PrefabInternal: {fileID: 100100000}
  m_GameObject: {fileID: 163478}
  m_LocalRotation: {x: 0, y: 0, z: 0, w: 1}
  m_LocalPosition: {x: -0.13, y: -5.94, z: 0}
  m_LocalScale: {x: 30, y: 10, z: 10}
  m_Children: []
  m_Father: {fileID: 413882}
  m_RootOrder: 2
--- !u!4 &496478
Transform:
  m_ObjectHideFlags: 1
  m_PrefabParentObject: {fileID: 0}
  m_PrefabInternal: {fileID: 100100000}
  m_GameObject: {fileID: 132102}
  m_LocalRotation: {x: 0, y: 0, z: 0, w: 1}
  m_LocalPosition: {x: -0.13, y: 5.94, z: 0}
  m_LocalScale: {x: 30, y: 10, z: 10}
  m_Children: []
  m_Father: {fileID: 413882}
  m_RootOrder: 3
--- !u!50 &5086530
Rigidbody2D:
  serializedVersion: 2
  m_ObjectHideFlags: 1
  m_PrefabParentObject: {fileID: 0}
  m_PrefabInternal: {fileID: 100100000}
  m_GameObject: {fileID: 128352}
  m_UseAutoMass: 0
  m_Mass: 1
  m_LinearDrag: 20
  m_AngularDrag: 20
  m_GravityScale: 0
  m_IsKinematic: 0
  m_Interpolate: 0
  m_SleepingMode: 1
  m_CollisionDetection: 0
  m_Constraints: 0
--- !u!60 &6040672
PolygonCollider2D:
  m_ObjectHideFlags: 1
  m_PrefabParentObject: {fileID: 0}
  m_PrefabInternal: {fileID: 100100000}
  m_GameObject: {fileID: 128352}
  m_Enabled: 1
  m_Density: 1
  m_Material: {fileID: 0}
  m_IsTrigger: 0
  m_UsedByEffector: 0
  m_Offset: {x: 0, y: 0}
  m_Points:
    m_Paths:
    - - {x: -6.077928, y: 2.1270132}
      - {x: -7.4377756, y: 0.8321466}
      - {x: -8.159462, y: -0.6431685}
      - {x: -6.338848, y: -2.321443}
      - {x: 0.15128285, y: -2.4464324}
      - {x: 6.8762693, y: -2.0954788}
      - {x: 8.241553, y: -1.2440223}
      - {x: 8.23837, y: 0.58912116}
      - {x: 6.1014404, y: 2.2084157}
      - {x: -0.8739111, y: 2.7800102}
--- !u!61 &6143960
BoxCollider2D:
  m_ObjectHideFlags: 1
  m_PrefabParentObject: {fileID: 0}
  m_PrefabInternal: {fileID: 100100000}
  m_GameObject: {fileID: 126418}
  m_Enabled: 1
  m_Density: 1
  m_Material: {fileID: 0}
  m_IsTrigger: 0
  m_UsedByEffector: 0
  m_Offset: {x: 0, y: 0}
  serializedVersion: 2
  m_Size: {x: 0.1, y: 0.1}
--- !u!68 &6860670
EdgeCollider2D:
  m_ObjectHideFlags: 1
  m_PrefabParentObject: {fileID: 0}
  m_PrefabInternal: {fileID: 100100000}
  m_GameObject: {fileID: 150826}
  m_Enabled: 1
  m_Density: 1
  m_Material: {fileID: 0}
  m_IsTrigger: 0
  m_UsedByEffector: 0
  m_Offset: {x: 0, y: 0}
  m_Points:
  - {x: -0.5, y: 0}
  - {x: 0.5, y: 0}
--- !u!68 &6866314
EdgeCollider2D:
  m_ObjectHideFlags: 1
  m_PrefabParentObject: {fileID: 0}
  m_PrefabInternal: {fileID: 100100000}
  m_GameObject: {fileID: 163478}
  m_Enabled: 1
  m_Density: 1
  m_Material: {fileID: 0}
  m_IsTrigger: 0
  m_UsedByEffector: 0
  m_Offset: {x: 0, y: 0}
  m_Points:
  - {x: -0.5, y: 0}
  - {x: 0.5, y: 0}
--- !u!68 &6878080
EdgeCollider2D:
  m_ObjectHideFlags: 1
  m_PrefabParentObject: {fileID: 0}
  m_PrefabInternal: {fileID: 100100000}
  m_GameObject: {fileID: 132514}
  m_Enabled: 1
  m_Density: 1
  m_Material: {fileID: 0}
  m_IsTrigger: 0
  m_UsedByEffector: 0
  m_Offset: {x: 0, y: 0}
  m_Points:
  - {x: -0.5, y: 0}
  - {x: 0.5, y: 0}
--- !u!68 &6895406
EdgeCollider2D:
  m_ObjectHideFlags: 1
  m_PrefabParentObject: {fileID: 0}
  m_PrefabInternal: {fileID: 100100000}
  m_GameObject: {fileID: 132102}
  m_Enabled: 1
  m_Density: 1
  m_Material: {fileID: 0}
  m_IsTrigger: 0
  m_UsedByEffector: 0
  m_Offset: {x: 0, y: 0}
  m_Points:
  - {x: -0.5, y: 0}
  - {x: 0.5, y: 0}
--- !u!96 &9683568
TrailRenderer:
  m_ObjectHideFlags: 1
  m_PrefabParentObject: {fileID: 0}
  m_PrefabInternal: {fileID: 100100000}
  m_GameObject: {fileID: 133634}
  m_Enabled: 1
  m_CastShadows: 0
  m_ReceiveShadows: 0
  m_Materials:
  - {fileID: 2100000, guid: 480ae13b1362944448d10f52ab674d71, type: 2}
  m_SubsetIndices: 
  m_StaticBatchRoot: {fileID: 0}
  m_UseLightProbes: 0
  m_ReflectionProbeUsage: 1
  m_ProbeAnchor: {fileID: 0}
  m_ScaleInLightmap: 1
  m_PreserveUVs: 0
  m_IgnoreNormalsForChartDetection: 0
  m_ImportantGI: 0
  m_MinimumChartSize: 4
  m_AutoUVMaxDistance: 0.5
  m_AutoUVMaxAngle: 89
  m_LightmapParameters: {fileID: 0}
  m_SortingLayerID: 0
  m_SortingOrder: 0
  m_Time: 0.2
  m_StartWidth: 2
  m_EndWidth: 2
  m_Colors:
    m_Color[0]:
      serializedVersion: 2
      rgba: 4278190335
    m_Color[1]:
      serializedVersion: 2
      rgba: 4278190335
    m_Color[2]:
      serializedVersion: 2
      rgba: 4278190335
    m_Color[3]:
      serializedVersion: 2
      rgba: 4278190335
    m_Color[4]:
      serializedVersion: 2
      rgba: 4278190335
  m_MinVertexDistance: 0.01
  m_Autodestruct: 0
--- !u!114 &11451392
MonoBehaviour:
  m_ObjectHideFlags: 1
  m_PrefabParentObject: {fileID: 0}
  m_PrefabInternal: {fileID: 100100000}
  m_GameObject: {fileID: 126418}
  m_Enabled: 1
  m_EditorHideFlags: 0
  m_Script: {fileID: 11500000, guid: 74bac6cd42f82f541899b2f23da60ba8, type: 3}
  m_Name: 
  m_EditorClassIdentifier: 
  clips:
  - {fileID: 8300000, guid: 0383daee2da753a438d28e64f3871280, type: 3}
  - {fileID: 8300000, guid: db2a029d947892541bc83104f1934fbe, type: 3}
  - {fileID: 8300000, guid: a2cdee85ff64d574a855887e1ce96383, type: 3}
  - {fileID: 8300000, guid: 773b360a5147c334f82120f9bd59c6df, type: 3}
  - {fileID: 8300000, guid: 06b9284a969319144b812359a4c928e2, type: 3}
  - {fileID: 8300000, guid: 86c1cb34a07d36241b810c70a137cf4f, type: 3}
  - {fileID: 8300000, guid: d0a551d6ba43ea445a3333b3401c6bff, type: 3}
  - {fileID: 8300000, guid: ad46cd9305e260846a53e1faa62c5e1f, type: 3}
  - {fileID: 8300000, guid: 945b4d6f5bd9b5b42a80eefb1b1026f4, type: 3}
  - {fileID: 8300000, guid: 5c61d4d84adc0a94dadf47a36a0da2ec, type: 3}
  playMode: 0
--- !u!114 &11453306
MonoBehaviour:
  m_ObjectHideFlags: 1
  m_PrefabParentObject: {fileID: 0}
  m_PrefabInternal: {fileID: 100100000}
  m_GameObject: {fileID: 126418}
  m_Enabled: 1
  m_EditorHideFlags: 0
  m_Script: {fileID: 11500000, guid: 42698949ffbd3f441aacbbc0d0f3eb6d, type: 3}
  m_Name: 
  m_EditorClassIdentifier: 
  baseIngredient: 3
  description: Slice the cucumber lengthways.
  timeLimit: 3
  targetSliceTransform: {fileID: 0}
  distanceMultiplier: 20
  targetSliceCount: 4
  targetSliceAngle: 0
  targetSliceAccuracy: 30
  avgSliceAngle: 0
  sliceSounds: {fileID: 11451392}
--- !u!212 &21238672
SpriteRenderer:
  m_ObjectHideFlags: 1
  m_PrefabParentObject: {fileID: 0}
  m_PrefabInternal: {fileID: 100100000}
  m_GameObject: {fileID: 121200}
  m_Enabled: 1
  m_CastShadows: 0
  m_ReceiveShadows: 0
  m_Materials:
  - {fileID: 10754, guid: 0000000000000000e000000000000000, type: 0}
  m_SubsetIndices: 
  m_StaticBatchRoot: {fileID: 0}
  m_UseLightProbes: 0
  m_ReflectionProbeUsage: 0
  m_ProbeAnchor: {fileID: 0}
  m_ScaleInLightmap: 1
  m_PreserveUVs: 0
  m_IgnoreNormalsForChartDetection: 0
  m_ImportantGI: 0
  m_MinimumChartSize: 4
  m_AutoUVMaxDistance: 0.5
  m_AutoUVMaxAngle: 89
  m_LightmapParameters: {fileID: 0}
  m_SortingLayerID: 0
  m_SortingOrder: 0
  m_Sprite: {fileID: 21300000, guid: 0e8809af394629c4e9b3d40d4ec123b9, type: 3}
  m_Color: {r: 0.89385587, g: 0.97794116, b: 0.7981726, a: 1}
  m_FlipX: 0
  m_FlipY: 0
--- !u!212 &21257256
SpriteRenderer:
  m_ObjectHideFlags: 1
  m_PrefabParentObject: {fileID: 0}
  m_PrefabInternal: {fileID: 100100000}
  m_GameObject: {fileID: 128352}
  m_Enabled: 1
  m_CastShadows: 0
  m_ReceiveShadows: 0
  m_Materials:
  - {fileID: 10754, guid: 0000000000000000e000000000000000, type: 0}
  m_SubsetIndices: 
  m_StaticBatchRoot: {fileID: 0}
  m_UseLightProbes: 0
  m_ReflectionProbeUsage: 0
  m_ProbeAnchor: {fileID: 0}
  m_ScaleInLightmap: 1
  m_PreserveUVs: 0
  m_IgnoreNormalsForChartDetection: 0
  m_ImportantGI: 0
  m_MinimumChartSize: 4
  m_AutoUVMaxDistance: 0.5
  m_AutoUVMaxAngle: 89
  m_LightmapParameters: {fileID: 0}
  m_SortingLayerID: 0
  m_SortingOrder: 0
  m_Sprite: {fileID: 21300000, guid: fdcb099ea2f0062439f4de05e1d906c2, type: 3}
  m_Color: {r: 1, g: 1, b: 1, a: 1}
  m_FlipX: 0
  m_FlipY: 0
--- !u!1001 &100100000
Prefab:
  m_ObjectHideFlags: 1
  serializedVersion: 2
  m_Modification:
    m_TransformParent: {fileID: 0}
    m_Modifications:
    - target: {fileID: 0}
      propertyPath: m_IsActive
      value: 1
      objectReference: {fileID: 0}
    - target: {fileID: 0}
      propertyPath: description
      value: Slice the cucumber lengthways.
      objectReference: {fileID: 0}
    - target: {fileID: 0}
      propertyPath: m_Materials.Array.data[0]
      value: 
      objectReference: {fileID: 2100000, guid: 480ae13b1362944448d10f52ab674d71, type: 2}
    - target: {fileID: 0}
      propertyPath: sliceSounds
      value: 
      objectReference: {fileID: 11451392}
    - target: {fileID: 0}
      propertyPath: timeLimit
      value: 3
      objectReference: {fileID: 0}
    m_RemovedComponents: []
  m_ParentPrefab: {fileID: 0}
  m_RootGameObject: {fileID: 126418}
  m_IsPrefabParent: 1
