%YAML 1.1
%TAG !u! tag:unity3d.com,2011:
--- !u!1 &104476
GameObject:
  m_ObjectHideFlags: 0
  m_PrefabParentObject: {fileID: 0}
  m_PrefabInternal: {fileID: 100100000}
  serializedVersion: 4
  m_Component:
  - 4: {fileID: 443994}
  - 212: {fileID: 21209950}
  m_Layer: 0
  m_Name: BG
  m_TagString: Untagged
  m_Icon: {fileID: 0}
  m_NavMeshLayer: 0
  m_StaticEditorFlags: 0
  m_IsActive: 1
--- !u!1 &130898
GameObject:
  m_ObjectHideFlags: 0
  m_PrefabParentObject: {fileID: 0}
  m_PrefabInternal: {fileID: 100100000}
  serializedVersion: 4
  m_Component:
  - 4: {fileID: 440172}
  - 96: {fileID: 9645428}
  m_Layer: 0
  m_Name: TrailRenderer
  m_TagString: Untagged
  m_Icon: {fileID: 0}
  m_NavMeshLayer: 0
  m_StaticEditorFlags: 0
  m_IsActive: 1
--- !u!1 &136842
GameObject:
  m_ObjectHideFlags: 0
  m_PrefabParentObject: {fileID: 0}
  m_PrefabInternal: {fileID: 100100000}
  serializedVersion: 4
  m_Component:
  - 4: {fileID: 407792}
  - 61: {fileID: 6125812}
  - 114: {fileID: 11428438}
  - 114: {fileID: 11483136}
  m_Layer: 0
  m_Name: MG_SliceToadStool
  m_TagString: Untagged
  m_Icon: {fileID: 0}
  m_NavMeshLayer: 0
  m_StaticEditorFlags: 0
  m_IsActive: 1
--- !u!1 &140630
GameObject:
  m_ObjectHideFlags: 1
  m_PrefabParentObject: {fileID: 0}
  m_PrefabInternal: {fileID: 100100000}
  serializedVersion: 4
  m_Component:
  - 4: {fileID: 422302}
  - 68: {fileID: 6843234}
  m_Layer: 0
  m_Name: left
  m_TagString: Untagged
  m_Icon: {fileID: 0}
  m_NavMeshLayer: 0
  m_StaticEditorFlags: 0
  m_IsActive: 1
--- !u!1 &144142
GameObject:
  m_ObjectHideFlags: 1
  m_PrefabParentObject: {fileID: 0}
  m_PrefabInternal: {fileID: 100100000}
  serializedVersion: 4
  m_Component:
  - 4: {fileID: 464650}
  - 68: {fileID: 6891086}
  m_Layer: 0
  m_Name: left (2)
  m_TagString: Untagged
  m_Icon: {fileID: 0}
  m_NavMeshLayer: 0
  m_StaticEditorFlags: 0
  m_IsActive: 1
--- !u!1 &150640
GameObject:
  m_ObjectHideFlags: 0
  m_PrefabParentObject: {fileID: 0}
  m_PrefabInternal: {fileID: 100100000}
  serializedVersion: 4
  m_Component:
  - 4: {fileID: 452518}
  m_Layer: 0
  m_Name: CutTarget
  m_TagString: Untagged
  m_Icon: {fileID: 0}
  m_NavMeshLayer: 0
  m_StaticEditorFlags: 0
  m_IsActive: 1
--- !u!1 &187972
GameObject:
  m_ObjectHideFlags: 0
  m_PrefabParentObject: {fileID: 0}
  m_PrefabInternal: {fileID: 100100000}
  serializedVersion: 4
  m_Component:
  - 4: {fileID: 406042}
  - 212: {fileID: 21286290}
  - 50: {fileID: 5068408}
  - 60: {fileID: 6086472}
  m_Layer: 0
  m_Name: Cucumber
  m_TagString: Untagged
  m_Icon: {fileID: 0}
  m_NavMeshLayer: 0
  m_StaticEditorFlags: 0
  m_IsActive: 1
--- !u!1 &191514
GameObject:
  m_ObjectHideFlags: 1
  m_PrefabParentObject: {fileID: 0}
  m_PrefabInternal: {fileID: 100100000}
  serializedVersion: 4
  m_Component:
  - 4: {fileID: 489482}
  - 68: {fileID: 6821764}
  m_Layer: 0
  m_Name: left (3)
  m_TagString: Untagged
  m_Icon: {fileID: 0}
  m_NavMeshLayer: 0
  m_StaticEditorFlags: 0
  m_IsActive: 1
--- !u!1 &192504
GameObject:
  m_ObjectHideFlags: 1
  m_PrefabParentObject: {fileID: 0}
  m_PrefabInternal: {fileID: 100100000}
  serializedVersion: 4
  m_Component:
  - 4: {fileID: 432286}
  - 68: {fileID: 6864422}
  m_Layer: 0
  m_Name: left (1)
  m_TagString: Untagged
  m_Icon: {fileID: 0}
  m_NavMeshLayer: 0
  m_StaticEditorFlags: 0
  m_IsActive: 1
--- !u!1 &195664
GameObject:
  m_ObjectHideFlags: 0
  m_PrefabParentObject: {fileID: 0}
  m_PrefabInternal: {fileID: 100100000}
  serializedVersion: 4
  m_Component:
  - 4: {fileID: 433476}
  m_Layer: 0
  m_Name: Walls
  m_TagString: Untagged
  m_Icon: {fileID: 0}
  m_NavMeshLayer: 0
  m_StaticEditorFlags: 0
  m_IsActive: 1
--- !u!4 &406042
Transform:
  m_ObjectHideFlags: 1
  m_PrefabParentObject: {fileID: 0}
  m_PrefabInternal: {fileID: 100100000}
  m_GameObject: {fileID: 187972}
  m_LocalRotation: {x: 0, y: 0, z: 0, w: 1}
  m_LocalPosition: {x: 0.24, y: -0.75, z: -1}
  m_LocalScale: {x: 0.7488501, y: 0.74884987, z: 0.74884987}
  m_Children: []
  m_Father: {fileID: 407792}
  m_RootOrder: 3
--- !u!4 &407792
Transform:
  m_ObjectHideFlags: 1
  m_PrefabParentObject: {fileID: 0}
  m_PrefabInternal: {fileID: 100100000}
  m_GameObject: {fileID: 136842}
  m_LocalRotation: {x: 0, y: 0, z: 0, w: 1}
  m_LocalPosition: {x: 0, y: 0, z: 0}
  m_LocalScale: {x: 1, y: 1, z: 1}
  m_Children:
  - {fileID: 443994}
  - {fileID: 433476}
  - {fileID: 452518}
  - {fileID: 406042}
  - {fileID: 440172}
  m_Father: {fileID: 0}
  m_RootOrder: 0
--- !u!4 &422302
Transform:
  m_ObjectHideFlags: 1
  m_PrefabParentObject: {fileID: 0}
  m_PrefabInternal: {fileID: 100100000}
  m_GameObject: {fileID: 140630}
  m_LocalRotation: {x: 0, y: 0, z: 0.7071068, w: 0.7071067}
  m_LocalPosition: {x: -8.9, y: -0, z: 0}
  m_LocalScale: {x: 19, y: 10, z: 10}
  m_Children: []
  m_Father: {fileID: 433476}
  m_RootOrder: 0
--- !u!4 &432286
Transform:
  m_ObjectHideFlags: 1
  m_PrefabParentObject: {fileID: 0}
  m_PrefabInternal: {fileID: 100100000}
  m_GameObject: {fileID: 192504}
  m_LocalRotation: {x: 0, y: 0, z: 0.7071068, w: 0.7071067}
  m_LocalPosition: {x: 10.57, y: 0.37, z: 0}
  m_LocalScale: {x: 19, y: 10, z: 10}
  m_Children: []
  m_Father: {fileID: 433476}
  m_RootOrder: 1
--- !u!4 &433476
Transform:
  m_ObjectHideFlags: 1
  m_PrefabParentObject: {fileID: 0}
  m_PrefabInternal: {fileID: 100100000}
  m_GameObject: {fileID: 195664}
  m_LocalRotation: {x: 0, y: 0, z: 0, w: 1}
  m_LocalPosition: {x: 0, y: 0, z: -1}
  m_LocalScale: {x: 1, y: 1, z: 1}
  m_Children:
  - {fileID: 422302}
  - {fileID: 432286}
  - {fileID: 464650}
  - {fileID: 489482}
  m_Father: {fileID: 407792}
  m_RootOrder: 1
--- !u!4 &440172
Transform:
  m_ObjectHideFlags: 1
  m_PrefabParentObject: {fileID: 0}
  m_PrefabInternal: {fileID: 100100000}
  m_GameObject: {fileID: 130898}
  m_LocalRotation: {x: 0, y: 0, z: 0, w: 1}
  m_LocalPosition: {x: -4.0533485, y: -6.392791, z: -1}
  m_LocalScale: {x: 1, y: 1, z: 1}
  m_Children: []
  m_Father: {fileID: 407792}
  m_RootOrder: 4
--- !u!4 &443994
Transform:
  m_ObjectHideFlags: 1
  m_PrefabParentObject: {fileID: 0}
  m_PrefabInternal: {fileID: 100100000}
  m_GameObject: {fileID: 104476}
  m_LocalRotation: {x: 0, y: 0, z: 0, w: 1}
  m_LocalPosition: {x: 0, y: 0, z: 5}
  m_LocalScale: {x: 16, y: 10, z: 1}
  m_Children: []
  m_Father: {fileID: 407792}
  m_RootOrder: 0
--- !u!4 &452518
Transform:
  m_ObjectHideFlags: 1
  m_PrefabParentObject: {fileID: 0}
  m_PrefabInternal: {fileID: 100100000}
  m_GameObject: {fileID: 150640}
  m_LocalRotation: {x: 0, y: 0, z: 0, w: 1}
  m_LocalPosition: {x: -2.5, y: 2.54, z: -1}
  m_LocalScale: {x: 1, y: 1, z: 1}
  m_Children: []
  m_Father: {fileID: 407792}
  m_RootOrder: 2
--- !u!4 &464650
Transform:
  m_ObjectHideFlags: 1
  m_PrefabParentObject: {fileID: 0}
  m_PrefabInternal: {fileID: 100100000}
  m_GameObject: {fileID: 144142}
  m_LocalRotation: {x: 0, y: 0, z: 0, w: 1}
  m_LocalPosition: {x: -0.13, y: -5.94, z: 0}
  m_LocalScale: {x: 30, y: 10, z: 10}
  m_Children: []
  m_Father: {fileID: 433476}
  m_RootOrder: 2
--- !u!4 &489482
Transform:
  m_ObjectHideFlags: 1
  m_PrefabParentObject: {fileID: 0}
  m_PrefabInternal: {fileID: 100100000}
  m_GameObject: {fileID: 191514}
  m_LocalRotation: {x: 0, y: 0, z: 0, w: 1}
  m_LocalPosition: {x: -0.13, y: 5.94, z: 0}
  m_LocalScale: {x: 30, y: 10, z: 10}
  m_Children: []
  m_Father: {fileID: 433476}
  m_RootOrder: 3
--- !u!50 &5068408
Rigidbody2D:
  serializedVersion: 2
  m_ObjectHideFlags: 1
  m_PrefabParentObject: {fileID: 0}
  m_PrefabInternal: {fileID: 100100000}
  m_GameObject: {fileID: 187972}
  m_UseAutoMass: 0
  m_Mass: 1
  m_LinearDrag: 20
  m_AngularDrag: 20
  m_GravityScale: 0
  m_IsKinematic: 0
  m_Interpolate: 0
  m_SleepingMode: 1
  m_CollisionDetection: 0
  m_Constraints: 0
--- !u!60 &6086472
PolygonCollider2D:
  m_ObjectHideFlags: 1
  m_PrefabParentObject: {fileID: 0}
  m_PrefabInternal: {fileID: 100100000}
  m_GameObject: {fileID: 187972}
  m_Enabled: 1
  m_Density: 1
  m_Material: {fileID: 0}
  m_IsTrigger: 0
  m_UsedByEffector: 0
  m_Offset: {x: 0, y: 0}
  m_Points:
    m_Paths:
    - - {x: -3.474956, y: 1.1282328}
      - {x: -3.6963577, y: 0.23227644}
      - {x: -3.5085866, y: -1.0313265}
      - {x: -2.8269103, y: -2.4145455}
      - {x: -1.3906399, y: -3.4126127}
      - {x: 0.12833528, y: -3.647452}
      - {x: 1.5345879, y: -3.3533185}
      - {x: 2.5706377, y: -2.6318636}
      - {x: 3.168176, y: -1.8381644}
      - {x: 3.5376894, y: -0.93369967}
      - {x: 3.6565762, y: 0.33624226}
      - {x: 3.278716, y: 1.7071843}
      - {x: 2.1003518, y: 3.032939}
      - {x: 0.7322228, y: 3.5848155}
      - {x: -0.5588311, y: 3.6906781}
      - {x: -1.833782, y: 3.199884}
      - {x: -2.8045359, y: 2.3747776}
--- !u!61 &6125812
BoxCollider2D:
  m_ObjectHideFlags: 1
  m_PrefabParentObject: {fileID: 0}
  m_PrefabInternal: {fileID: 100100000}
  m_GameObject: {fileID: 136842}
  m_Enabled: 1
  m_Density: 1
  m_Material: {fileID: 0}
  m_IsTrigger: 0
  m_UsedByEffector: 0
  m_Offset: {x: 0, y: 0}
  serializedVersion: 2
  m_Size: {x: 0.1, y: 0.1}
--- !u!68 &6821764
EdgeCollider2D:
  m_ObjectHideFlags: 1
  m_PrefabParentObject: {fileID: 0}
  m_PrefabInternal: {fileID: 100100000}
  m_GameObject: {fileID: 191514}
  m_Enabled: 1
  m_Density: 1
  m_Material: {fileID: 0}
  m_IsTrigger: 0
  m_UsedByEffector: 0
  m_Offset: {x: 0, y: 0}
  m_Points:
  - {x: -0.5, y: 0}
  - {x: 0.5, y: 0}
--- !u!68 &6843234
EdgeCollider2D:
  m_ObjectHideFlags: 1
  m_PrefabParentObject: {fileID: 0}
  m_PrefabInternal: {fileID: 100100000}
  m_GameObject: {fileID: 140630}
  m_Enabled: 1
  m_Density: 1
  m_Material: {fileID: 0}
  m_IsTrigger: 0
  m_UsedByEffector: 0
  m_Offset: {x: 0, y: 0}
  m_Points:
  - {x: -0.5, y: 0}
  - {x: 0.5, y: 0}
--- !u!68 &6864422
EdgeCollider2D:
  m_ObjectHideFlags: 1
  m_PrefabParentObject: {fileID: 0}
  m_PrefabInternal: {fileID: 100100000}
  m_GameObject: {fileID: 192504}
  m_Enabled: 1
  m_Density: 1
  m_Material: {fileID: 0}
  m_IsTrigger: 0
  m_UsedByEffector: 0
  m_Offset: {x: 0, y: 0}
  m_Points:
  - {x: -0.5, y: 0}
  - {x: 0.5, y: 0}
--- !u!68 &6891086
EdgeCollider2D:
  m_ObjectHideFlags: 1
  m_PrefabParentObject: {fileID: 0}
  m_PrefabInternal: {fileID: 100100000}
  m_GameObject: {fileID: 144142}
  m_Enabled: 1
  m_Density: 1
  m_Material: {fileID: 0}
  m_IsTrigger: 0
  m_UsedByEffector: 0
  m_Offset: {x: 0, y: 0}
  m_Points:
  - {x: -0.5, y: 0}
  - {x: 0.5, y: 0}
--- !u!96 &9645428
TrailRenderer:
  m_ObjectHideFlags: 1
  m_PrefabParentObject: {fileID: 0}
  m_PrefabInternal: {fileID: 100100000}
  m_GameObject: {fileID: 130898}
  m_Enabled: 1
  m_CastShadows: 0
  m_ReceiveShadows: 0
  m_Materials:
  - {fileID: 2100000, guid: 480ae13b1362944448d10f52ab674d71, type: 2}
  m_SubsetIndices: 
  m_StaticBatchRoot: {fileID: 0}
  m_UseLightProbes: 0
  m_ReflectionProbeUsage: 1
  m_ProbeAnchor: {fileID: 0}
  m_ScaleInLightmap: 1
  m_PreserveUVs: 0
  m_IgnoreNormalsForChartDetection: 0
  m_ImportantGI: 0
  m_MinimumChartSize: 4
  m_AutoUVMaxDistance: 0.5
  m_AutoUVMaxAngle: 89
  m_LightmapParameters: {fileID: 0}
  m_SortingLayerID: 0
  m_SortingOrder: 0
  m_Time: 0.2
  m_StartWidth: 2
  m_EndWidth: 2
  m_Colors:
    m_Color[0]:
      serializedVersion: 2
      rgba: 4278190335
    m_Color[1]:
      serializedVersion: 2
      rgba: 4278190335
    m_Color[2]:
      serializedVersion: 2
      rgba: 4278190335
    m_Color[3]:
      serializedVersion: 2
      rgba: 4278190335
    m_Color[4]:
      serializedVersion: 2
      rgba: 4278190335
  m_MinVertexDistance: 0.01
  m_Autodestruct: 0
--- !u!114 &11428438
MonoBehaviour:
  m_ObjectHideFlags: 1
  m_PrefabParentObject: {fileID: 0}
  m_PrefabInternal: {fileID: 100100000}
  m_GameObject: {fileID: 136842}
  m_Enabled: 1
  m_EditorHideFlags: 0
  m_Script: {fileID: 11500000, guid: 42698949ffbd3f441aacbbc0d0f3eb6d, type: 3}
  m_Name: 
  m_EditorClassIdentifier: 
  baseIngredient: 13
  description: Split the mushroom in two.
  timeLimit: 2
  targetSliceTransform: {fileID: 0}
  distanceMultiplier: 20
  targetSliceCount: 1
  targetSliceAngle: 15
  targetSliceAccuracy: 30
  avgSliceAngle: 0
  sliceSounds: {fileID: 11483136}
--- !u!114 &11483136
MonoBehaviour:
  m_ObjectHideFlags: 1
  m_PrefabParentObject: {fileID: 0}
  m_PrefabInternal: {fileID: 100100000}
  m_GameObject: {fileID: 136842}
  m_Enabled: 1
  m_EditorHideFlags: 0
  m_Script: {fileID: 11500000, guid: 74bac6cd42f82f541899b2f23da60ba8, type: 3}
  m_Name: 
  m_EditorClassIdentifier: 
  clips:
  - {fileID: 8300000, guid: 0383daee2da753a438d28e64f3871280, type: 3}
  - {fileID: 8300000, guid: db2a029d947892541bc83104f1934fbe, type: 3}
  - {fileID: 8300000, guid: a2cdee85ff64d574a855887e1ce96383, type: 3}
  - {fileID: 8300000, guid: 773b360a5147c334f82120f9bd59c6df, type: 3}
  - {fileID: 8300000, guid: 06b9284a969319144b812359a4c928e2, type: 3}
  - {fileID: 8300000, guid: 86c1cb34a07d36241b810c70a137cf4f, type: 3}
  - {fileID: 8300000, guid: d0a551d6ba43ea445a3333b3401c6bff, type: 3}
  - {fileID: 8300000, guid: ad46cd9305e260846a53e1faa62c5e1f, type: 3}
  - {fileID: 8300000, guid: 945b4d6f5bd9b5b42a80eefb1b1026f4, type: 3}
  - {fileID: 8300000, guid: 5c61d4d84adc0a94dadf47a36a0da2ec, type: 3}
  playMode: 0
--- !u!212 &21209950
SpriteRenderer:
  m_ObjectHideFlags: 1
  m_PrefabParentObject: {fileID: 0}
  m_PrefabInternal: {fileID: 100100000}
  m_GameObject: {fileID: 104476}
  m_Enabled: 1
  m_CastShadows: 0
  m_ReceiveShadows: 0
  m_Materials:
  - {fileID: 10754, guid: 0000000000000000e000000000000000, type: 0}
  m_SubsetIndices: 
  m_StaticBatchRoot: {fileID: 0}
  m_UseLightProbes: 0
  m_ReflectionProbeUsage: 0
  m_ProbeAnchor: {fileID: 0}
  m_ScaleInLightmap: 1
  m_PreserveUVs: 0
  m_IgnoreNormalsForChartDetection: 0
  m_ImportantGI: 0
  m_MinimumChartSize: 4
  m_AutoUVMaxDistance: 0.5
  m_AutoUVMaxAngle: 89
  m_LightmapParameters: {fileID: 0}
  m_SortingLayerID: 0
  m_SortingOrder: 0
  m_Sprite: {fileID: 21300000, guid: 0e8809af394629c4e9b3d40d4ec123b9, type: 3}
  m_Color: {r: 0.97794116, g: 0.7981726, b: 0.9283498, a: 1}
  m_FlipX: 0
  m_FlipY: 0
--- !u!212 &21286290
SpriteRenderer:
  m_ObjectHideFlags: 1
  m_PrefabParentObject: {fileID: 0}
  m_PrefabInternal: {fileID: 100100000}
  m_GameObject: {fileID: 187972}
  m_Enabled: 1
  m_CastShadows: 0
  m_ReceiveShadows: 0
  m_Materials:
  - {fileID: 10754, guid: 0000000000000000e000000000000000, type: 0}
  m_SubsetIndices: 
  m_StaticBatchRoot: {fileID: 0}
  m_UseLightProbes: 0
  m_ReflectionProbeUsage: 0
  m_ProbeAnchor: {fileID: 0}
  m_ScaleInLightmap: 1
  m_PreserveUVs: 0
  m_IgnoreNormalsForChartDetection: 0
  m_ImportantGI: 0
  m_MinimumChartSize: 4
  m_AutoUVMaxDistance: 0.5
  m_AutoUVMaxAngle: 89
  m_LightmapParameters: {fileID: 0}
  m_SortingLayerID: 0
  m_SortingOrder: 0
  m_Sprite: {fileID: 21300000, guid: 477144778f931524c937782baaac85b0, type: 3}
  m_Color: {r: 1, g: 1, b: 1, a: 1}
  m_FlipX: 0
  m_FlipY: 0
--- !u!1001 &100100000
Prefab:
  m_ObjectHideFlags: 1
  serializedVersion: 2
  m_Modification:
    m_TransformParent: {fileID: 0}
    m_Modifications:
    - target: {fileID: 0}
      propertyPath: baseIngredient
      value: 13
      objectReference: {fileID: 0}
    - target: {fileID: 0}
      propertyPath: m_Materials.Array.data[0]
      value: 
      objectReference: {fileID: 2100000, guid: 480ae13b1362944448d10f52ab674d71, type: 2}
    - target: {fileID: 0}
      propertyPath: sliceSounds
      value: 
      objectReference: {fileID: 11483136}
    - target: {fileID: 0}
      propertyPath: description
      value: Split the mushroom in two.
      objectReference: {fileID: 0}
    - target: {fileID: 0}
      propertyPath: timeLimit
      value: 2
      objectReference: {fileID: 0}
    m_RemovedComponents: []
  m_ParentPrefab: {fileID: 0}
  m_RootGameObject: {fileID: 136842}
  m_IsPrefabParent: 1
