%YAML 1.1
%TAG !u! tag:unity3d.com,2011:
--- !u!1 &182376
GameObject:
  m_ObjectHideFlags: 0
  m_PrefabParentObject: {fileID: 0}
  m_PrefabInternal: {fileID: 100100000}
  serializedVersion: 4
  m_Component:
  - 4: {fileID: 438608}
  - 212: {fileID: 21250512}
  - 65: {fileID: 6559306}
  - 114: {fileID: 11430080}
  m_Layer: 0
  m_Name: Egg1
  m_TagString: Untagged
  m_Icon: {fileID: 0}
  m_NavMeshLayer: 0
  m_StaticEditorFlags: 0
  m_IsActive: 1
--- !u!4 &438608
Transform:
  m_ObjectHideFlags: 1
  m_PrefabParentObject: {fileID: 0}
  m_PrefabInternal: {fileID: 100100000}
  m_GameObject: {fileID: 182376}
  m_LocalRotation: {x: 0, y: 0, z: 0, w: 1}
  m_LocalPosition: {x: 0, y: 0, z: 0}
  m_LocalScale: {x: 0.16178626, y: 0.16178626, z: 0.16178626}
  m_Children: []
  m_Father: {fileID: 0}
  m_RootOrder: 0
--- !u!65 &6559306
BoxCollider:
  m_ObjectHideFlags: 1
  m_PrefabParentObject: {fileID: 0}
  m_PrefabInternal: {fileID: 100100000}
  m_GameObject: {fileID: 182376}
  m_Material: {fileID: 0}
  m_IsTrigger: 0
  m_Enabled: 1
  serializedVersion: 2
  m_Size: {x: 6.98, y: 7.08, z: 0.2}
  m_Center: {x: 0, y: 0, z: 0}
--- !u!114 &11430080
MonoBehaviour:
  m_ObjectHideFlags: 1
  m_PrefabParentObject: {fileID: 0}
  m_PrefabInternal: {fileID: 100100000}
  m_GameObject: {fileID: 182376}
  m_Enabled: 1
  m_EditorHideFlags: 0
  m_Script: {fileID: 11500000, guid: 48f40334d7c9f75479016bb57ff6550e, type: 3}
  m_Name: 
  m_EditorClassIdentifier: 
  sleepVal: 0.05
  slowTime: 0.5
  slowCurve:
    serializedVersion: 2
    m_Curve:
    - time: 0
      value: 1
      inSlope: 0
      outSlope: 0
      tangentMode: 0
    - time: 0.5
      value: 0.04259132
      inSlope: -0.017788079
      outSlope: -0.1484949
      tangentMode: 1
    - time: 1
      value: 0
      inSlope: -0.06929813
      outSlope: -0.06929813
      tangentMode: 0
    m_PreInfinity: 2
    m_PostInfinity: 2
    m_RotationOrder: 0
--- !u!212 &21250512
SpriteRenderer:
  m_ObjectHideFlags: 1
  m_PrefabParentObject: {fileID: 0}
  m_PrefabInternal: {fileID: 100100000}
  m_GameObject: {fileID: 182376}
  m_Enabled: 1
  m_CastShadows: 0
  m_ReceiveShadows: 0
  m_Materials:
  - {fileID: 10754, guid: 0000000000000000e000000000000000, type: 0}
  m_SubsetIndices: 
  m_StaticBatchRoot: {fileID: 0}
  m_UseLightProbes: 0
  m_ReflectionProbeUsage: 0
  m_ProbeAnchor: {fileID: 0}
  m_ScaleInLightmap: 1
  m_PreserveUVs: 0
  m_IgnoreNormalsForChartDetection: 0
  m_ImportantGI: 0
  m_MinimumChartSize: 4
  m_AutoUVMaxDistance: 0.5
  m_AutoUVMaxAngle: 89
  m_LightmapParameters: {fileID: 0}
  m_SortingLayerID: 0
  m_SortingOrder: 1
  m_Sprite: {fileID: 21300000, guid: 72c4068824c2b8c4a82a7569dc5d49c3, type: 3}
  m_Color: {r: 1, g: 1, b: 1, a: 1}
  m_FlipX: 0
  m_FlipY: 0
--- !u!1001 &100100000
Prefab:
  m_ObjectHideFlags: 1
  serializedVersion: 2
  m_Modification:
    m_TransformParent: {fileID: 0}
    m_Modifications:
    - target: {fileID: 0}
      propertyPath: slowCurve.m_Curve.Array.size
      value: 3
      objectReference: {fileID: 0}
    - target: {fileID: 0}
      propertyPath: m_SortingOrder
      value: 1
      objectReference: {fileID: 0}
    - target: {fileID: 0}
      propertyPath: slowCurve.m_RotationOrder
      value: 0
      objectReference: {fileID: 0}
    - target: {fileID: 0}
      propertyPath: slowCurve.m_Curve.Array.data[0].value
      value: 1
      objectReference: {fileID: 0}
    - target: {fileID: 0}
      propertyPath: slowCurve.m_Curve.Array.data[1].time
      value: 0.5
      objectReference: {fileID: 0}
    - target: {fileID: 0}
      propertyPath: slowCurve.m_Curve.Array.data[1].value
      value: 0.04259132
      objectReference: {fileID: 0}
    - target: {fileID: 0}
      propertyPath: slowCurve.m_Curve.Array.data[1].inSlope
      value: -0.017788079
      objectReference: {fileID: 0}
    - target: {fileID: 0}
      propertyPath: slowCurve.m_Curve.Array.data[1].outSlope
      value: -0.1484949
      objectReference: {fileID: 0}
    - target: {fileID: 0}
      propertyPath: slowCurve.m_Curve.Array.data[2].time
      value: 1
      objectReference: {fileID: 0}
    - target: {fileID: 0}
      propertyPath: slowCurve.m_Curve.Array.data[2].value
      value: 0
      objectReference: {fileID: 0}
    - target: {fileID: 0}
      propertyPath: slowCurve.m_Curve.Array.data[2].inSlope
      value: -0.06929813
      objectReference: {fileID: 0}
    - target: {fileID: 0}
      propertyPath: slowCurve.m_Curve.Array.data[2].outSlope
      value: -0.06929813
      objectReference: {fileID: 0}
    - target: {fileID: 0}
      propertyPath: slowCurve.m_Curve.Array.data[3].inSlope
      value: -2.4708076
      objectReference: {fileID: 0}
    - target: {fileID: 0}
      propertyPath: slowCurve.m_Curve.Array.data[3].outSlope
      value: -2.4708076
      objectReference: {fileID: 0}
    - target: {fileID: 0}
      propertyPath: slowCurve.m_Curve.Array.data[3].time
      value: 1
      objectReference: {fileID: 0}
    - target: {fileID: 0}
      propertyPath: slowCurve.m_Curve.Array.data[1].tangentMode
      value: 1
      objectReference: {fileID: 0}
    - target: {fileID: 0}
      propertyPath: slowCurve.m_Curve.Array.data[0].inSlope
      value: 0
      objectReference: {fileID: 0}
    - target: {fileID: 0}
      propertyPath: slowCurve.m_Curve.Array.data[0].outSlope
      value: 0
      objectReference: {fileID: 0}
    - target: {fileID: 0}
      propertyPath: slowCurve.m_Curve.Array.data[0].tangentMode
      value: 0
      objectReference: {fileID: 0}
    - target: {fileID: 0}
      propertyPath: m_Name
      value: Egg1
      objectReference: {fileID: 0}
    - target: {fileID: 0}
      propertyPath: m_Sprite
      value: 
      objectReference: {fileID: 21300000, guid: 72c4068824c2b8c4a82a7569dc5d49c3,
        type: 3}
    m_RemovedComponents: []
  m_ParentPrefab: {fileID: 0}
  m_RootGameObject: {fileID: 182376}
  m_IsPrefabParent: 1
